<?xml version="1.0" encoding="UTF-8"?><collection xmlns="http://www.loc.gov/MARC21/slim"><record><leader>00465nam--2200133-i-4500</leader><controlfield tag="001">000042698</controlfield><controlfield tag="002">20161230</controlfield><controlfield tag="005">20161230201043</controlfield><controlfield tag="008">060222s1000------------r-----000-0-eng-d</controlfield><datafield ind1=" " ind2=" " tag="080"><subfield code="a">676.1.52.2</subfield></datafield><datafield ind1=" " ind2=" " tag="245"><subfield code="a">Prescriptii tehnice pt.recipeintele fierbatoare din industria hirtie-celuloza. c 24-75. ed.oficiala</subfield></datafield><datafield ind1=" " ind2=" " tag="260"><subfield code="a">Bucuresti, Ed.Tehnica, 1976, 7p</subfield></datafield><datafield ind1=" " ind2=" " tag="490"><subfield code="a">Colectia Inspectiei Pt.Cazane Recipiente Sub Presiune Si Instalatii De Ridicat - Iscir</subfield></datafield><datafield ind1=" " ind2=" " tag="852"><subfield code="a">10119</subfield></datafield></record></collection>